<record><leader>00000cas a2200000 a 4500</leader><controlfield tag="001">12759387</controlfield><controlfield tag="008">851105d19031938ohudr ne      0    0eng  </controlfield><datafield ind1=" " ind2=" " tag="010"><subfield code="a">sn 85042650 </subfield></datafield><datafield ind1=" " ind2=" " tag="040"><subfield code="a">DLC</subfield><subfield code="b">eng</subfield><subfield code="c">DLC</subfield><subfield code="d">ONP</subfield><subfield code="d">CRL</subfield><subfield code="d">OCLCQ</subfield><subfield code="d">DLC</subfield><subfield code="d">OCLCO</subfield><subfield code="d">OCLCQ</subfield><subfield code="d">OCLCF</subfield></datafield><datafield ind1="1" ind2=" " tag="029"><subfield code="a">AU@</subfield><subfield code="b">000023410731</subfield></datafield><datafield ind1=" " ind2=" " tag="042"><subfield code="a">pcc</subfield></datafield><datafield ind1=" " ind2=" " tag="043"><subfield code="a">n-us-oh</subfield></datafield><datafield ind1="0" ind2="0" tag="050"><subfield code="a">Newspaper</subfield></datafield><datafield ind1="0" ind2="0" tag="245"><subfield code="a">Toledo news-bee.</subfield></datafield><datafield ind1="1" ind2=" " tag="246"><subfield code="i">Sunday issues have title:</subfield><subfield code="a">Sunday times-bee</subfield></datafield><datafield ind1="3" ind2="0" tag="246"><subfield code="a">News-bee</subfield></datafield><datafield ind1=" " ind2=" " tag="260"><subfield code="a">Toledo, O. [Ohio] :</subfield><subfield code="b">Toledo Newspaper Co.,</subfield><subfield code="c">1903-1938.</subfield></datafield><datafield ind1=" " ind2=" " tag="300"><subfield code="a">36 v. :</subfield><subfield code="b">ill.</subfield></datafield><datafield ind1=" " ind2=" " tag="310"><subfield code="a">Daily</subfield></datafield><datafield ind1="0" ind2=" " tag="362"><subfield code="a">June 8, 1903-v. 63, no. 183 (Aug. 2, 1938).</subfield></datafield><datafield ind1=" " ind2=" " tag="515"><subfield code="a">Vols. for June 8, 1903-Feb. 11, 1904 also carry dual set of numbering: Toledo news, 16th year, Toledo bee, 28th year-Toledo news, 25th year, Toledo bee, 38th year; issues for Feb. 12-Mar. 31, 1914 called 11th year; vols. for Apr. 1, 1914-July 8, 1918 called 39th-43rd year; issues for July 9-Aug. 17, 1918 called 43rd year; vols. for Aug. 18, 1918-Aug. 2, 1938 called v. 43, no. 198-v. 63, no. 183.</subfield></datafield><datafield ind1=" " ind2=" " tag="530"><subfield code="a">Also issued on microfilm from UMI, and the Library of Congress, Photodupllication Service.</subfield></datafield><datafield ind1=" " ind2="0" tag="651"><subfield code="a">Toledo (Ohio)</subfield><subfield code="v">Newspapers.</subfield></datafield><datafield ind1=" " ind2="7" tag="655"><subfield code="a">Newspapers.</subfield><subfield code="2">fast</subfield><subfield code="0">(OCoLC)fst01423814</subfield></datafield><datafield ind1=" " ind2="7" tag="651"><subfield code="a">Ohio</subfield><subfield code="z">Toledo.</subfield><subfield code="2">fast</subfield><subfield code="0">(OCoLC)fst01211740</subfield></datafield><datafield ind1=" " ind2=" " tag="752"><subfield code="a">United States</subfield><subfield code="b">Ohio</subfield><subfield code="c">Lucas</subfield><subfield code="d">Toledo.</subfield></datafield><datafield ind1="0" ind2="4" tag="780"><subfield code="t">Toledo daily news</subfield><subfield code="w">(DLC)sn 87076714</subfield><subfield code="w">(OCoLC)16798932</subfield></datafield><datafield ind1="0" ind2="4" tag="780"><subfield code="t">Toledo bee</subfield><subfield code="w">(DLC)sn 85042649</subfield><subfield code="w">(OCoLC)12759313</subfield></datafield></record>